<record><leader>00000cas a2200000 a 4500</leader><controlfield tag="001">13285927</controlfield><controlfield tag="008">860312d198619uuncuwr ne      0   a0eng d</controlfield><datafield ind1=" " ind2=" " tag="010"><subfield code="a">sn 98058972 </subfield></datafield><datafield ind1=" " ind2=" " tag="040"><subfield code="a">NCS</subfield><subfield code="b">eng</subfield><subfield code="c">NCS</subfield><subfield code="d">NVJ</subfield><subfield code="d">OCL</subfield><subfield code="d">OCLCQ</subfield><subfield code="d">OCLCF</subfield><subfield code="d">OCLCO</subfield></datafield><datafield ind1="1" ind2=" " tag="029"><subfield code="a">AU@</subfield><subfield code="b">000020133872</subfield></datafield><datafield ind1=" " ind2=" " tag="042"><subfield code="a">msc</subfield></datafield><datafield ind1=" " ind2=" " tag="043"><subfield code="a">n-us-nc</subfield></datafield><datafield ind1="0" ind2="4" tag="245"><subfield code="a">The times-foothills.</subfield></datafield><datafield ind1="1" ind2="7" tag="246"><subfield code="a">Times-foothills-lifestyles</subfield></datafield><datafield ind1="1" ind2="3" tag="246"><subfield code="a">Surry County times-foothills</subfield></datafield><datafield ind1=" " ind2=" " tag="260"><subfield code="a">[Mount Airy, N.C.] :</subfield><subfield code="b">Surry Pub. Co.,</subfield><subfield code="c">1986-</subfield></datafield><datafield ind1=" " ind2=" " tag="300"><subfield code="a">v. :</subfield><subfield code="b">ill. ;</subfield><subfield code="c">36 cm.</subfield></datafield><datafield ind1=" " ind2=" " tag="310"><subfield code="a">Weekly</subfield></datafield><datafield ind1="0" ind2=" " tag="362"><subfield code="a">Jan. 28, 1986-</subfield></datafield><datafield ind1=" " ind2=" " tag="500"><subfield code="a">"Surry County" appears above masthead.</subfield></datafield><datafield ind1=" " ind2="0" tag="651"><subfield code="a">Mount Airy (N.C.)</subfield><subfield code="v">Newspapers.</subfield></datafield><datafield ind1=" " ind2="0" tag="651"><subfield code="a">Surry County (N.C.)</subfield><subfield code="v">Newspapers.</subfield></datafield><datafield ind1=" " ind2="7" tag="655"><subfield code="a">Newspapers.</subfield><subfield code="2">fast</subfield><subfield code="0">(OCoLC)fst01423814</subfield></datafield><datafield ind1=" " ind2="7" tag="651"><subfield code="a">North Carolina</subfield><subfield code="z">Mount Airy.</subfield><subfield code="2">fast</subfield><subfield code="0">(OCoLC)fst01226247</subfield></datafield><datafield ind1=" " ind2="7" tag="651"><subfield code="a">North Carolina</subfield><subfield code="z">Surry County.</subfield><subfield code="2">fast</subfield><subfield code="0">(OCoLC)fst01209301</subfield></datafield><datafield ind1=" " ind2=" " tag="752"><subfield code="a">United States</subfield><subfield code="b">North Carolina</subfield><subfield code="c">Surry</subfield><subfield code="d">Mount Airy.</subfield></datafield><datafield ind1="0" ind2="0" tag="780"><subfield code="t">Times-foothills lifestyles</subfield></datafield></record>